<?xml version="1.0" encoding="UTF-8"?><collection xmlns="http://www.loc.gov/MARC21/slim"><record><leader>00358nam--2200121-i-4500</leader><controlfield tag="001">000020828</controlfield><controlfield tag="002">20161230</controlfield><controlfield tag="005">20161230201033</controlfield><controlfield tag="008">060222s1000------------r-----000-0-eng-d</controlfield><datafield ind1=" " ind2=" " tag="080"><subfield code="a">061.62(45):001.891:539</subfield></datafield><datafield ind1=" " ind2=" " tag="245"><subfield code="a">Annual report 1996 instituto nazionale di fisica nucleare laboratori nazionali di legnaro</subfield></datafield><datafield ind1=" " ind2=" " tag="260"><subfield code="a">Legnaro, Infn, 1997 358 P</subfield></datafield><datafield ind1=" " ind2=" " tag="852"><subfield code="a">80504</subfield></datafield></record></collection>